<record><leader>00000cas a22000007a 4500</leader><controlfield tag="001">27372121</controlfield><controlfield tag="008">930204d19041905mauwr ne      0    0eng d</controlfield><controlfield tag="009">9107</controlfield><datafield ind1=" " ind2=" " tag="010"><subfield code="a">sn 93058746 </subfield></datafield><datafield ind1=" " ind2=" " tag="040"><subfield code="a">MGN</subfield><subfield code="b">eng</subfield><subfield code="c">MGN</subfield><subfield code="d">DLC</subfield><subfield code="d">OCLCG</subfield></datafield><datafield ind1=" " ind2=" " tag="042"><subfield code="a">msc</subfield></datafield><datafield ind1="0" ind2="0" tag="245"><subfield code="a">Malden outlook.</subfield></datafield><datafield ind1=" " ind2=" " tag="260"><subfield code="a">Malden, Mass. :</subfield><subfield code="b">[Malden Outlook Co.],</subfield></datafield><datafield ind1=" " ind2=" " tag="300"><subfield code="a">v.</subfield></datafield><datafield ind1=" " ind2=" " tag="310"><subfield code="a">Weekly</subfield></datafield><datafield ind1="0" ind2=" " tag="362"><subfield code="a">Vol. 1, no. 1 (Sept. 17, 1904)-v. 1, no. 25 (Mar. 4, 1905).</subfield></datafield><datafield ind1=" " ind2=" " tag="500"><subfield code="a">Editor: D.L. Milliken.</subfield></datafield><datafield ind1=" " ind2=" " tag="500"><subfield code="a">"A weekly journal of life and literature, always seeking to entertain and instruct."</subfield></datafield><datafield ind1="1" ind2=" " tag="700"><subfield code="a">Milliken, D. L.</subfield><subfield code="q">(Daniel Lake),</subfield><subfield code="d">1837-1905.</subfield></datafield><datafield ind1=" " ind2=" " tag="752"><subfield code="a">United States</subfield><subfield code="b">Massachusetts</subfield><subfield code="c">Middlesex</subfield><subfield code="d">Malden.</subfield></datafield></record>